%YAML 1.1
%TAG !u! tag:unity3d.com,2011:
--- !u!1101 &-8999315780860767357
AnimatorStateTransition:
  m_ObjectHideFlags: 1
  m_CorrespondingSourceObject: {fileID: 0}
  m_PrefabInstance: {fileID: 0}
  m_PrefabAsset: {fileID: 0}
  m_Name: 
  m_Conditions:
  - m_ConditionMode: 2
    m_ConditionEvent: walking
    m_EventTreshold: 0
  m_DstStateMachine: {fileID: 0}
  m_DstState: {fileID: -2903590822961328055}
  m_Solo: 0
  m_Mute: 0
  m_IsExit: 0
  serializedVersion: 3
  m_TransitionDuration: 0
  m_TransitionOffset: 0
  m_ExitTime: 0.765625
  m_HasExitTime: 0
  m_HasFixedDuration: 1
  m_InterruptionSource: 0
  m_OrderedInterruption: 1
  m_CanTransitionToSelf: 1
--- !u!1102 &-7293697382663529933
AnimatorState:
  serializedVersion: 5
  m_ObjectHideFlags: 1
  m_CorrespondingSourceObject: {fileID: 0}
  m_PrefabInstance: {fileID: 0}
  m_PrefabAsset: {fileID: 0}
  m_Name: IdleBackwards
  m_Speed: 1
  m_CycleOffset: 0
  m_Transitions:
  - {fileID: -4696253152212897712}
  - {fileID: -360509021408756905}
  - {fileID: 5999862570389951826}
  m_StateMachineBehaviours: []
  m_Position: {x: 50, y: 50, z: 0}
  m_IKOnFeet: 0
  m_WriteDefaultValues: 1
  m_Mirror: 0
  m_SpeedParameterActive: 0
  m_MirrorParameterActive: 0
  m_CycleOffsetParameterActive: 0
  m_TimeParameterActive: 0
  m_Motion: {fileID: 7400000, guid: 81d01db18d021a44fbddecf18caec00e, type: 2}
  m_Tag: 
  m_SpeedParameter: 
  m_MirrorParameter: 
  m_CycleOffsetParameter: 
  m_TimeParameter: 
--- !u!1101 &-4696253152212897712
AnimatorStateTransition:
  m_ObjectHideFlags: 1
  m_CorrespondingSourceObject: {fileID: 0}
  m_PrefabInstance: {fileID: 0}
  m_PrefabAsset: {fileID: 0}
  m_Name: 
  m_Conditions:
  - m_ConditionMode: 1
    m_ConditionEvent: walking
    m_EventTreshold: 0
  m_DstStateMachine: {fileID: 0}
  m_DstState: {fileID: 2299538438825370813}
  m_Solo: 0
  m_Mute: 0
  m_IsExit: 0
  serializedVersion: 3
  m_TransitionDuration: 0
  m_TransitionOffset: 0
  m_ExitTime: 0
  m_HasExitTime: 0
  m_HasFixedDuration: 1
  m_InterruptionSource: 0
  m_OrderedInterruption: 1
  m_CanTransitionToSelf: 1
--- !u!1102 &-2903590822961328055
AnimatorState:
  serializedVersion: 5
  m_ObjectHideFlags: 1
  m_CorrespondingSourceObject: {fileID: 0}
  m_PrefabInstance: {fileID: 0}
  m_PrefabAsset: {fileID: 0}
  m_Name: IdleForwards
  m_Speed: 1
  m_CycleOffset: 0
  m_Transitions:
  - {fileID: 1910935126987302720}
  - {fileID: 7560163634284163619}
  - {fileID: 3478049705639865509}
  m_StateMachineBehaviours: []
  m_Position: {x: 50, y: 50, z: 0}
  m_IKOnFeet: 0
  m_WriteDefaultValues: 1
  m_Mirror: 0
  m_SpeedParameterActive: 0
  m_MirrorParameterActive: 0
  m_CycleOffsetParameterActive: 0
  m_TimeParameterActive: 0
  m_Motion: {fileID: 7400000, guid: 2ba5bffa849353548aab3ca96f06e669, type: 2}
  m_Tag: 
  m_SpeedParameter: 
  m_MirrorParameter: 
  m_CycleOffsetParameter: 
  m_TimeParameter: 
--- !u!1102 &-2407024214284238861
AnimatorState:
  serializedVersion: 5
  m_ObjectHideFlags: 1
  m_CorrespondingSourceObject: {fileID: 0}
  m_PrefabInstance: {fileID: 0}
  m_PrefabAsset: {fileID: 0}
  m_Name: PlayerWalkingForwards
  m_Speed: 1
  m_CycleOffset: 0
  m_Transitions:
  - {fileID: -8999315780860767357}
  - {fileID: 1239550243912531399}
  m_StateMachineBehaviours: []
  m_Position: {x: 50, y: 50, z: 0}
  m_IKOnFeet: 0
  m_WriteDefaultValues: 1
  m_Mirror: 0
  m_SpeedParameterActive: 0
  m_MirrorParameterActive: 0
  m_CycleOffsetParameterActive: 0
  m_TimeParameterActive: 0
  m_Motion: {fileID: 7400000, guid: 2258db26ae107654188d88bf06664483, type: 2}
  m_Tag: 
  m_SpeedParameter: 
  m_MirrorParameter: 
  m_CycleOffsetParameter: 
  m_TimeParameter: 
--- !u!1101 &-360509021408756905
AnimatorStateTransition:
  m_ObjectHideFlags: 1
  m_CorrespondingSourceObject: {fileID: 0}
  m_PrefabInstance: {fileID: 0}
  m_PrefabAsset: {fileID: 0}
  m_Name: 
  m_Conditions:
  - m_ConditionMode: 1
    m_ConditionEvent: facingforward
    m_EventTreshold: 0
  - m_ConditionMode: 1
    m_ConditionEvent: walking
    m_EventTreshold: 0
  m_DstStateMachine: {fileID: 0}
  m_DstState: {fileID: -2407024214284238861}
  m_Solo: 0
  m_Mute: 0
  m_IsExit: 0
  serializedVersion: 3
  m_TransitionDuration: 0
  m_TransitionOffset: 0
  m_ExitTime: 0
  m_HasExitTime: 0
  m_HasFixedDuration: 1
  m_InterruptionSource: 0
  m_OrderedInterruption: 1
  m_CanTransitionToSelf: 1
--- !u!91 &9100000
AnimatorController:
  m_ObjectHideFlags: 0
  m_CorrespondingSourceObject: {fileID: 0}
  m_PrefabInstance: {fileID: 0}
  m_PrefabAsset: {fileID: 0}
  m_Name: Player
  serializedVersion: 5
  m_AnimatorParameters:
  - m_Name: facingforward
    m_Type: 4
    m_DefaultFloat: 0
    m_DefaultInt: 0
    m_DefaultBool: 1
    m_Controller: {fileID: 9100000}
  - m_Name: walking
    m_Type: 4
    m_DefaultFloat: 0
    m_DefaultInt: 0
    m_DefaultBool: 0
    m_Controller: {fileID: 9100000}
  m_AnimatorLayers:
  - serializedVersion: 5
    m_Name: Base Layer
    m_StateMachine: {fileID: 6961235359906657310}
    m_Mask: {fileID: 0}
    m_Motions: []
    m_Behaviours: []
    m_BlendingMode: 0
    m_SyncedLayerIndex: -1
    m_DefaultWeight: 0
    m_IKPass: 0
    m_SyncedLayerAffectsTiming: 0
    m_Controller: {fileID: 9100000}
--- !u!1101 &1239550243912531399
AnimatorStateTransition:
  m_ObjectHideFlags: 1
  m_CorrespondingSourceObject: {fileID: 0}
  m_PrefabInstance: {fileID: 0}
  m_PrefabAsset: {fileID: 0}
  m_Name: 
  m_Conditions:
  - m_ConditionMode: 2
    m_ConditionEvent: facingforward
    m_EventTreshold: 0
  m_DstStateMachine: {fileID: 0}
  m_DstState: {fileID: 2299538438825370813}
  m_Solo: 0
  m_Mute: 0
  m_IsExit: 0
  serializedVersion: 3
  m_TransitionDuration: 0
  m_TransitionOffset: 0
  m_ExitTime: 0.765625
  m_HasExitTime: 0
  m_HasFixedDuration: 1
  m_InterruptionSource: 0
  m_OrderedInterruption: 1
  m_CanTransitionToSelf: 1
--- !u!1101 &1910935126987302720
AnimatorStateTransition:
  m_ObjectHideFlags: 1
  m_CorrespondingSourceObject: {fileID: 0}
  m_PrefabInstance: {fileID: 0}
  m_PrefabAsset: {fileID: 0}
  m_Name: 
  m_Conditions:
  - m_ConditionMode: 1
    m_ConditionEvent: walking
    m_EventTreshold: 0
  m_DstStateMachine: {fileID: 0}
  m_DstState: {fileID: -2407024214284238861}
  m_Solo: 0
  m_Mute: 0
  m_IsExit: 0
  serializedVersion: 3
  m_TransitionDuration: 0
  m_TransitionOffset: 0
  m_ExitTime: 0
  m_HasExitTime: 0
  m_HasFixedDuration: 1
  m_InterruptionSource: 0
  m_OrderedInterruption: 1
  m_CanTransitionToSelf: 1
--- !u!1102 &2299538438825370813
AnimatorState:
  serializedVersion: 5
  m_ObjectHideFlags: 1
  m_CorrespondingSourceObject: {fileID: 0}
  m_PrefabInstance: {fileID: 0}
  m_PrefabAsset: {fileID: 0}
  m_Name: PlayerWalkingBackwards
  m_Speed: 1
  m_CycleOffset: 0
  m_Transitions:
  - {fileID: 4751675394423852850}
  - {fileID: 6499287559096477644}
  m_StateMachineBehaviours: []
  m_Position: {x: 50, y: 50, z: 0}
  m_IKOnFeet: 0
  m_WriteDefaultValues: 1
  m_Mirror: 0
  m_SpeedParameterActive: 0
  m_MirrorParameterActive: 0
  m_CycleOffsetParameterActive: 0
  m_TimeParameterActive: 0
  m_Motion: {fileID: 7400000, guid: acd6f534fd3b95842b1d45953b110223, type: 2}
  m_Tag: 
  m_SpeedParameter: 
  m_MirrorParameter: 
  m_CycleOffsetParameter: 
  m_TimeParameter: 
--- !u!1101 &3478049705639865509
AnimatorStateTransition:
  m_ObjectHideFlags: 1
  m_CorrespondingSourceObject: {fileID: 0}
  m_PrefabInstance: {fileID: 0}
  m_PrefabAsset: {fileID: 0}
  m_Name: 
  m_Conditions:
  - m_ConditionMode: 2
    m_ConditionEvent: facingforward
    m_EventTreshold: 0
  m_DstStateMachine: {fileID: 0}
  m_DstState: {fileID: -7293697382663529933}
  m_Solo: 0
  m_Mute: 0
  m_IsExit: 0
  serializedVersion: 3
  m_TransitionDuration: 0
  m_TransitionOffset: 0
  m_ExitTime: 0
  m_HasExitTime: 0
  m_HasFixedDuration: 1
  m_InterruptionSource: 0
  m_OrderedInterruption: 1
  m_CanTransitionToSelf: 1
--- !u!1101 &4751675394423852850
AnimatorStateTransition:
  m_ObjectHideFlags: 1
  m_CorrespondingSourceObject: {fileID: 0}
  m_PrefabInstance: {fileID: 0}
  m_PrefabAsset: {fileID: 0}
  m_Name: 
  m_Conditions:
  - m_ConditionMode: 1
    m_ConditionEvent: facingforward
    m_EventTreshold: 0
  m_DstStateMachine: {fileID: 0}
  m_DstState: {fileID: -2407024214284238861}
  m_Solo: 0
  m_Mute: 0
  m_IsExit: 0
  serializedVersion: 3
  m_TransitionDuration: 0
  m_TransitionOffset: 0
  m_ExitTime: 0.765625
  m_HasExitTime: 0
  m_HasFixedDuration: 1
  m_InterruptionSource: 0
  m_OrderedInterruption: 1
  m_CanTransitionToSelf: 1
--- !u!1101 &5999862570389951826
AnimatorStateTransition:
  m_ObjectHideFlags: 1
  m_CorrespondingSourceObject: {fileID: 0}
  m_PrefabInstance: {fileID: 0}
  m_PrefabAsset: {fileID: 0}
  m_Name: 
  m_Conditions:
  - m_ConditionMode: 1
    m_ConditionEvent: facingforward
    m_EventTreshold: 0
  m_DstStateMachine: {fileID: 0}
  m_DstState: {fileID: -2903590822961328055}
  m_Solo: 0
  m_Mute: 0
  m_IsExit: 0
  serializedVersion: 3
  m_TransitionDuration: 0
  m_TransitionOffset: 0
  m_ExitTime: 0
  m_HasExitTime: 0
  m_HasFixedDuration: 1
  m_InterruptionSource: 0
  m_OrderedInterruption: 1
  m_CanTransitionToSelf: 1
--- !u!1101 &6499287559096477644
AnimatorStateTransition:
  m_ObjectHideFlags: 1
  m_CorrespondingSourceObject: {fileID: 0}
  m_PrefabInstance: {fileID: 0}
  m_PrefabAsset: {fileID: 0}
  m_Name: 
  m_Conditions:
  - m_ConditionMode: 2
    m_ConditionEvent: walking
    m_EventTreshold: 0
  m_DstStateMachine: {fileID: 0}
  m_DstState: {fileID: -7293697382663529933}
  m_Solo: 0
  m_Mute: 0
  m_IsExit: 0
  serializedVersion: 3
  m_TransitionDuration: 0
  m_TransitionOffset: 0
  m_ExitTime: 0.765625
  m_HasExitTime: 0
  m_HasFixedDuration: 1
  m_InterruptionSource: 0
  m_OrderedInterruption: 1
  m_CanTransitionToSelf: 1
--- !u!1107 &6961235359906657310
AnimatorStateMachine:
  serializedVersion: 5
  m_ObjectHideFlags: 1
  m_CorrespondingSourceObject: {fileID: 0}
  m_PrefabInstance: {fileID: 0}
  m_PrefabAsset: {fileID: 0}
  m_Name: Base Layer
  m_ChildStates:
  - serializedVersion: 1
    m_State: {fileID: -2407024214284238861}
    m_Position: {x: 560, y: 110, z: 0}
  - serializedVersion: 1
    m_State: {fileID: 2299538438825370813}
    m_Position: {x: 560, y: 0, z: 0}
  - serializedVersion: 1
    m_State: {fileID: -7293697382663529933}
    m_Position: {x: 260, y: 0, z: 0}
  - serializedVersion: 1
    m_State: {fileID: -2903590822961328055}
    m_Position: {x: 260, y: 110, z: 0}
  m_ChildStateMachines: []
  m_AnyStateTransitions: []
  m_EntryTransitions: []
  m_StateMachineTransitions: {}
  m_StateMachineBehaviours: []
  m_AnyStatePosition: {x: 50, y: 20, z: 0}
  m_EntryPosition: {x: 50, y: 120, z: 0}
  m_ExitPosition: {x: 800, y: 120, z: 0}
  m_ParentStateMachinePosition: {x: 800, y: 20, z: 0}
  m_DefaultState: {fileID: -2903590822961328055}
--- !u!1101 &7560163634284163619
AnimatorStateTransition:
  m_ObjectHideFlags: 1
  m_CorrespondingSourceObject: {fileID: 0}
  m_PrefabInstance: {fileID: 0}
  m_PrefabAsset: {fileID: 0}
  m_Name: 
  m_Conditions:
  - m_ConditionMode: 2
    m_ConditionEvent: facingforward
    m_EventTreshold: 0
  - m_ConditionMode: 1
    m_ConditionEvent: walking
    m_EventTreshold: 0
  m_DstStateMachine: {fileID: 0}
  m_DstState: {fileID: 2299538438825370813}
  m_Solo: 0
  m_Mute: 0
  m_IsExit: 0
  serializedVersion: 3
  m_TransitionDuration: 0
  m_TransitionOffset: 0
  m_ExitTime: 0
  m_HasExitTime: 0
  m_HasFixedDuration: 1
  m_InterruptionSource: 0
  m_OrderedInterruption: 1
  m_CanTransitionToSelf: 1
