%YAML 1.1
%TAG !u! tag:unity3d.com,2011:
--- !u!1 &4894545136937404565
GameObject:
  m_ObjectHideFlags: 0
  m_CorrespondingSourceObject: {fileID: 0}
  m_PrefabInstance: {fileID: 0}
  m_PrefabAsset: {fileID: 0}
  serializedVersion: 6
  m_Component:
  - component: {fileID: 4894545136937404560}
  - component: {fileID: 4894545136937404567}
  - component: {fileID: 4894545136937404561}
  - component: {fileID: 4894545136937404562}
  - component: {fileID: 4894545136937404563}
  - component: {fileID: 1613872951130794713}
  - component: {fileID: 5599535323951085217}
  - component: {fileID: 5072385692977916918}
  - component: {fileID: 8727459564968568536}
  m_Layer: 2
  m_Name: PlantPot
  m_TagString: Untagged
  m_Icon: {fileID: 0}
  m_NavMeshLayer: 0
  m_StaticEditorFlags: 0
  m_IsActive: 1
--- !u!4 &4894545136937404560
Transform:
  m_ObjectHideFlags: 0
  m_CorrespondingSourceObject: {fileID: 0}
  m_PrefabInstance: {fileID: 0}
  m_PrefabAsset: {fileID: 0}
  m_GameObject: {fileID: 4894545136937404565}
  m_LocalRotation: {x: 0, y: 0, z: 0, w: 1}
  m_LocalPosition: {x: 0, y: 0, z: 0}
  m_LocalScale: {x: 1, y: 1, z: 1}
  m_Children:
  - {fileID: 3950025180379250823}
  m_Father: {fileID: 0}
  m_RootOrder: 0
  m_LocalEulerAnglesHint: {x: 0, y: 0, z: 0}
--- !u!212 &4894545136937404567
SpriteRenderer:
  m_ObjectHideFlags: 0
  m_CorrespondingSourceObject: {fileID: 0}
  m_PrefabInstance: {fileID: 0}
  m_PrefabAsset: {fileID: 0}
  m_GameObject: {fileID: 4894545136937404565}
  m_Enabled: 1
  m_CastShadows: 0
  m_ReceiveShadows: 0
  m_DynamicOccludee: 1
  m_MotionVectors: 1
  m_LightProbeUsage: 1
  m_ReflectionProbeUsage: 1
  m_RenderingLayerMask: 1
  m_RendererPriority: 0
  m_Materials:
  - {fileID: 10754, guid: 0000000000000000f000000000000000, type: 0}
  m_StaticBatchInfo:
    firstSubMesh: 0
    subMeshCount: 0
  m_StaticBatchRoot: {fileID: 0}
  m_ProbeAnchor: {fileID: 0}
  m_LightProbeVolumeOverride: {fileID: 0}
  m_ScaleInLightmap: 1
  m_ReceiveGI: 1
  m_PreserveUVs: 0
  m_IgnoreNormalsForChartDetection: 0
  m_ImportantGI: 0
  m_StitchLightmapSeams: 1
  m_SelectedEditorRenderState: 0
  m_MinimumChartSize: 4
  m_AutoUVMaxDistance: 0.5
  m_AutoUVMaxAngle: 89
  m_LightmapParameters: {fileID: 0}
  m_SortingLayerID: 0
  m_SortingLayer: 0
  m_SortingOrder: 0
  m_Sprite: {fileID: 21300000, guid: 928bd7b2b4056bb4dab4fe73eedb1829, type: 3}
  m_Color: {r: 1, g: 1, b: 1, a: 1}
  m_FlipX: 0
  m_FlipY: 0
  m_DrawMode: 0
  m_Size: {x: 1.28, y: 1.28}
  m_AdaptiveModeThreshold: 0.5
  m_SpriteTileMode: 0
  m_WasSpriteAssigned: 1
  m_MaskInteraction: 0
  m_SpriteSortPoint: 0
--- !u!114 &4894545136937404561
MonoBehaviour:
  m_ObjectHideFlags: 0
  m_CorrespondingSourceObject: {fileID: 0}
  m_PrefabInstance: {fileID: 0}
  m_PrefabAsset: {fileID: 0}
  m_GameObject: {fileID: 4894545136937404565}
  m_Enabled: 1
  m_EditorHideFlags: 0
  m_Script: {fileID: 11500000, guid: a26d200569cfcb14d87790ccb5f8f0dd, type: 3}
  m_Name: 
  m_EditorClassIdentifier: 
  sunlight: 0
  music: 0
  plant: {fileID: 0}
--- !u!114 &4894545136937404562
MonoBehaviour:
  m_ObjectHideFlags: 0
  m_CorrespondingSourceObject: {fileID: 0}
  m_PrefabInstance: {fileID: 0}
  m_PrefabAsset: {fileID: 0}
  m_GameObject: {fileID: 4894545136937404565}
  m_Enabled: 1
  m_EditorHideFlags: 0
  m_Script: {fileID: 11500000, guid: dbef96c79dbc9dc40905c03151dda6f8, type: 3}
  m_Name: 
  m_EditorClassIdentifier: 
  dryPot: {fileID: 21300000, guid: 928bd7b2b4056bb4dab4fe73eedb1829, type: 3}
  wetPot: {fileID: 21300000, guid: b799724b294268843ac4e73e2a4b4d83, type: 3}
--- !u!61 &4894545136937404563
BoxCollider2D:
  m_ObjectHideFlags: 0
  m_CorrespondingSourceObject: {fileID: 0}
  m_PrefabInstance: {fileID: 0}
  m_PrefabAsset: {fileID: 0}
  m_GameObject: {fileID: 4894545136937404565}
  m_Enabled: 1
  m_Density: 1
  m_Material: {fileID: 0}
  m_IsTrigger: 1
  m_UsedByEffector: 0
  m_UsedByComposite: 0
  m_Offset: {x: 0, y: 0.5}
  m_SpriteTilingProperty:
    border: {x: 0, y: 0, z: 0, w: 0}
    pivot: {x: 0.5, y: 0.175}
    oldSize: {x: 0.648, y: 1.118}
    newSize: {x: 1.28, y: 1.28}
    adaptiveTilingThreshold: 0.5
    drawMode: 0
    adaptiveTiling: 0
  m_AutoTiling: 0
  serializedVersion: 2
  m_Size: {x: 0.75, y: 1.5}
  m_EdgeRadius: 0
--- !u!114 &1613872951130794713
MonoBehaviour:
  m_ObjectHideFlags: 0
  m_CorrespondingSourceObject: {fileID: 0}
  m_PrefabInstance: {fileID: 0}
  m_PrefabAsset: {fileID: 0}
  m_GameObject: {fileID: 4894545136937404565}
  m_Enabled: 1
  m_EditorHideFlags: 0
  m_Script: {fileID: 11500000, guid: f2b9ae8da09b73e468be1f045e021df3, type: 3}
  m_Name: 
  m_EditorClassIdentifier: 
--- !u!114 &5599535323951085217
MonoBehaviour:
  m_ObjectHideFlags: 0
  m_CorrespondingSourceObject: {fileID: 0}
  m_PrefabInstance: {fileID: 0}
  m_PrefabAsset: {fileID: 0}
  m_GameObject: {fileID: 4894545136937404565}
  m_Enabled: 1
  m_EditorHideFlags: 0
  m_Script: {fileID: 11500000, guid: 1cff9663155d46a4795d0570df795438, type: 3}
  m_Name: 
  m_EditorClassIdentifier: 
  onTap:
    m_PersistentCalls:
      m_Calls: []
  ingameButtonManager: {fileID: 0}
  gameStateManager: {fileID: 0}
  moveAlongPath: {fileID: 0}
  order: 0
--- !u!114 &5072385692977916918
MonoBehaviour:
  m_ObjectHideFlags: 0
  m_CorrespondingSourceObject: {fileID: 0}
  m_PrefabInstance: {fileID: 0}
  m_PrefabAsset: {fileID: 0}
  m_GameObject: {fileID: 4894545136937404565}
  m_Enabled: 1
  m_EditorHideFlags: 0
  m_Script: {fileID: 11500000, guid: dc287871d2ace4b419cfbfca331e2ebb, type: 3}
  m_Name: 
  m_EditorClassIdentifier: 
  saveAndLoad: {fileID: 0}
  uniqueID: 
  order: 0
--- !u!114 &8727459564968568536
MonoBehaviour:
  m_ObjectHideFlags: 0
  m_CorrespondingSourceObject: {fileID: 0}
  m_PrefabInstance: {fileID: 0}
  m_PrefabAsset: {fileID: 0}
  m_GameObject: {fileID: 4894545136937404565}
  m_Enabled: 1
  m_EditorHideFlags: 0
  m_Script: {fileID: 11500000, guid: 3cdf4a0a8e65fd44ab9ef42dc35f59b7, type: 3}
  m_Name: 
  m_EditorClassIdentifier: 
  plantPrefabArray: {fileID: 0}
  plantUI: {fileID: 0}
  gameStateManager: {fileID: 0}
--- !u!1001 &1298489756943319173
PrefabInstance:
  m_ObjectHideFlags: 0
  serializedVersion: 2
  m_Modification:
    m_TransformParent: {fileID: 4894545136937404560}
    m_Modifications:
    - target: {fileID: 2653859831853449217, guid: 6c10d3d9f4e6fb94889d106424cdca88,
        type: 3}
      propertyPath: m_Name
      value: Node
      objectReference: {fileID: 0}
    - target: {fileID: 2653859831853449217, guid: 6c10d3d9f4e6fb94889d106424cdca88,
        type: 3}
      propertyPath: m_Icon
      value: 
      objectReference: {fileID: 1206586993520771344, guid: 0000000000000000d000000000000000,
        type: 0}
    - target: {fileID: 2653859831853449218, guid: 6c10d3d9f4e6fb94889d106424cdca88,
        type: 3}
      propertyPath: m_LocalPosition.x
      value: 0
      objectReference: {fileID: 0}
    - target: {fileID: 2653859831853449218, guid: 6c10d3d9f4e6fb94889d106424cdca88,
        type: 3}
      propertyPath: m_LocalPosition.y
      value: 0
      objectReference: {fileID: 0}
    - target: {fileID: 2653859831853449218, guid: 6c10d3d9f4e6fb94889d106424cdca88,
        type: 3}
      propertyPath: m_LocalPosition.z
      value: 0
      objectReference: {fileID: 0}
    - target: {fileID: 2653859831853449218, guid: 6c10d3d9f4e6fb94889d106424cdca88,
        type: 3}
      propertyPath: m_LocalRotation.x
      value: -0
      objectReference: {fileID: 0}
    - target: {fileID: 2653859831853449218, guid: 6c10d3d9f4e6fb94889d106424cdca88,
        type: 3}
      propertyPath: m_LocalRotation.y
      value: -0
      objectReference: {fileID: 0}
    - target: {fileID: 2653859831853449218, guid: 6c10d3d9f4e6fb94889d106424cdca88,
        type: 3}
      propertyPath: m_LocalRotation.z
      value: -0
      objectReference: {fileID: 0}
    - target: {fileID: 2653859831853449218, guid: 6c10d3d9f4e6fb94889d106424cdca88,
        type: 3}
      propertyPath: m_LocalRotation.w
      value: 1
      objectReference: {fileID: 0}
    - target: {fileID: 2653859831853449218, guid: 6c10d3d9f4e6fb94889d106424cdca88,
        type: 3}
      propertyPath: m_RootOrder
      value: 0
      objectReference: {fileID: 0}
    - target: {fileID: 2653859831853449218, guid: 6c10d3d9f4e6fb94889d106424cdca88,
        type: 3}
      propertyPath: m_LocalEulerAnglesHint.x
      value: 0
      objectReference: {fileID: 0}
    - target: {fileID: 2653859831853449218, guid: 6c10d3d9f4e6fb94889d106424cdca88,
        type: 3}
      propertyPath: m_LocalEulerAnglesHint.y
      value: 0
      objectReference: {fileID: 0}
    - target: {fileID: 2653859831853449218, guid: 6c10d3d9f4e6fb94889d106424cdca88,
        type: 3}
      propertyPath: m_LocalEulerAnglesHint.z
      value: 0
      objectReference: {fileID: 0}
    m_RemovedComponents: []
  m_SourcePrefab: {fileID: 100100000, guid: 6c10d3d9f4e6fb94889d106424cdca88, type: 3}
--- !u!4 &3950025180379250823 stripped
Transform:
  m_CorrespondingSourceObject: {fileID: 2653859831853449218, guid: 6c10d3d9f4e6fb94889d106424cdca88,
    type: 3}
  m_PrefabInstance: {fileID: 1298489756943319173}
  m_PrefabAsset: {fileID: 0}
